<collection xmlns="http://www.loc.gov/MARC21/slim">
<record>
  <leader>01236nam0a2200265 i 450 </leader>
  <controlfield tag="001">IT\ICCU\CNCE\040971</controlfield>
  <controlfield tag="005">20070924000000.0</controlfield>
  <datafield tag="012" ind1=" " ind2=" ">
    <subfield code="a">t*ni stis isg. teii (S) 1548 (Q)</subfield>
    <subfield code="2">fei</subfield>
  </datafield>
  <datafield tag="100" ind1=" " ind2=" ">
    <subfield code="a">19981104f1548        0itac0103    ba</subfield>
  </datafield>
  <datafield tag="101" ind1=" " ind2=" ">
    <subfield code="a">LAT</subfield>
  </datafield>
  <datafield tag="102" ind1=" " ind2=" ">
    <subfield code="a">IT</subfield>
  </datafield>
  <datafield tag="200" ind1="1" ind2=" ">
    <subfield code="a">℗Ludouici Ferrarii ℗In vsum insubrium ephemerides anni 1549 vna cum prognostico &amp; diebus festis quibus eccellentissimus senatus Mediolanensis non cogitur</subfield>
  </datafield>
  <datafield tag="210" ind1=" " ind2=" ">
    <subfield code="a">In Milano</subfield>
    <subfield code="c">per Innocentio da Cigognera in Porta Nuoua</subfield>
    <subfield code="d">\1548!</subfield>
  </datafield>
  <datafield tag="215" ind1=" " ind2=" ">
    <subfield code="a">\1! c.</subfield>
    <subfield code="c">ill.</subfield>
    <subfield code="d">fol</subfield>
  </datafield>
  <datafield tag="300" ind1=" " ind2=" ">
    <subfield code="a">Il titolo si ricava dall&apos;incipit</subfield>
  </datafield>
  <datafield tag="620" ind1=" " ind2=" ">
    <subfield code="a">IT</subfield>
    <subfield code="d">Milano</subfield>
  </datafield>
  <datafield tag="700" ind1=" " ind2="1">
    <subfield code="a">Ferrari,</subfield>
    <subfield code="b">Ludovico</subfield>
    <subfield code="3">IT\ICCU\CNCA\005333</subfield>
  </datafield>
  <datafield tag="712" ind1="0" ind2="0">
    <subfield code="a">Cicognara, Innocenzo</subfield>
    <subfield code="3">IT\ICCU\CNCT\000111</subfield>
    <subfield code="4">650</subfield>
  </datafield>
  <datafield tag="791" ind1="0" ind2="0">
    <subfield code="a">Cicognara, Nocento da</subfield>
    <subfield code="3">IT\ICCU\CNCT\004592</subfield>
    <subfield code="z">Cicognara, Innocenzo</subfield>
  </datafield>
  <datafield tag="791" ind1="0" ind2="0">
    <subfield code="a">Cicognera, Innocentio de</subfield>
    <subfield code="3">IT\ICCU\CNCT\004594</subfield>
    <subfield code="z">Cicognara, Innocenzo</subfield>
  </datafield>
  <datafield tag="791" ind1="0" ind2="0">
    <subfield code="a">Ciconiara, Innocentius</subfield>
    <subfield code="3">IT\ICCU\CNCT\004596</subfield>
    <subfield code="z">Cicognara, Innocenzo</subfield>
  </datafield>
  <datafield tag="791" ind1="0" ind2="0">
    <subfield code="a">Ciconiarus, Innocentius</subfield>
    <subfield code="3">IT\ICCU\CNCT\004598</subfield>
    <subfield code="z">Cicognara, Innocenzo</subfield>
  </datafield>
  <datafield tag="791" ind1="0" ind2="2">
    <subfield code="a">℗al segno della ℗Cicogna</subfield>
    <subfield code="3">IT\ICCU\CNCT\006420</subfield>
    <subfield code="z">Cicognara, Innocenzo</subfield>
  </datafield>
  <datafield tag="801" ind1=" " ind2="3">
    <subfield code="a">IT</subfield>
    <subfield code="b">ICCU</subfield>
    <subfield code="c">20201114</subfield>
  </datafield>
  <datafield tag="899" ind1=" " ind2=" ">
    <subfield code="a">Biblioteca Estense Universitaria. Modena</subfield>
    <subfield code="1">MO0089</subfield>
    <subfield code="2">MOD BE</subfield>
  </datafield>
</record>
</collection>
